@article{https://doi.org/10.48550/arxiv.cond-mat/9907038,
  doi = {10.48550/ARXIV.COND-MAT/9907038},
  url = {https://arxiv.org/abs/cond-mat/9907038},
  author = {Albert,  Reka and Jeong,  Hawoong and Barabasi,  Albert-Laszlo},
  keywords = {Disordered Systems and Neural Networks (cond-mat.dis-nn),  Adaptation and Self-Organizing Systems (nlin.AO),  Statistical Mechanics (cond-mat.stat-mech),  Networking and Internet Architecture (cs.NI),  Mathematical Physics (math-ph),  Computational Physics (physics.comp-ph),  FOS: Physical sciences,  FOS: Physical sciences,  FOS: Computer and information sciences,  FOS: Computer and information sciences},
  title = {The diameter of the world wide web},
  publisher = {arXiv},
  year = {1999},
  copyright = {Assumed arXiv.org perpetual,  non-exclusive license to distribute this article for submissions made before January 2004}
}

@article{https://doi.org/10.48550/arxiv.cond-mat/9910332,
  doi = {10.48550/ARXIV.COND-MAT/9910332},
  url = {https://arxiv.org/abs/cond-mat/9910332},
  author = {Barabasi,  Albert-Laszlo and Albert,  Reka},
  keywords = {Disordered Systems and Neural Networks (cond-mat.dis-nn),  Adaptation and Self-Organizing Systems (nlin.AO),  Statistical Mechanics (cond-mat.stat-mech),  FOS: Physical sciences,  FOS: Physical sciences},
  title = {Emergence of scaling in random networks},
  publisher = {arXiv},
  year = {1999},
  copyright = {Assumed arXiv.org perpetual,  non-exclusive license to distribute this article for submissions made before January 2004}
}


@article{barabasi2013network,
  title={Network science},
  author={Barab{\'a}si, Albert-L{\'a}szl{\'o}},
  journal={Philosophical Transactions of the Royal Society A: Mathematical, Physical and Engineering Sciences},
  volume={371},
  number={1987},
  pages={20120375},
  year={2013},
  publisher={The Royal Society Publishing}
}

@misc{https://doi.org/10.48550/arxiv.2202.00845,
  doi = {10.48550/ARXIV.2202.00845},
  url = {https://arxiv.org/abs/2202.00845},
  author = {Johnston,  Josh and Andersen,  Tim},
  keywords = {Discrete Mathematics (cs.DM),  Physics and Society (physics.soc-ph),  FOS: Computer and information sciences,  FOS: Computer and information sciences,  FOS: Physical sciences,  FOS: Physical sciences},
  title = {Random Processes with High Variance Produce Scale Free Networks},
  publisher = {arXiv},
  year = {2022},
  copyright = {Creative Commons Attribution 4.0 International}
}

@misc{https://doi.org/10.48550/arxiv.2204.11452,
  doi = {10.48550/ARXIV.2204.11452},
  url = {https://arxiv.org/abs/2204.11452},
  author = {Oraby,  Tamer and Balogh,  Andras},
  keywords = {Physics and Society (physics.soc-ph),  Biological Physics (physics.bio-ph),  FOS: Physical sciences,  FOS: Physical sciences},
  title = {Modeling the Effect of Observational Social Learning on Vaccination and Diseases using Household Networks},
  publisher = {arXiv},
  year = {2022},
  copyright = {Creative Commons Attribution 4.0 International}
}